<record><leader>00000cas a22000007a 4500</leader><controlfield tag="001">12923689</controlfield><controlfield tag="008">851217d185518uugauwr ne      0    0eng d</controlfield><datafield ind1=" " ind2=" " tag="010"><subfield code="a">sn 85027039 </subfield></datafield><datafield ind1=" " ind2=" " tag="040"><subfield code="a">NPX</subfield><subfield code="b">eng</subfield><subfield code="c">NPX</subfield><subfield code="d">OCLCQ</subfield></datafield><datafield ind1=" " ind2=" " tag="042"><subfield code="a">msc</subfield></datafield><datafield ind1="0" ind2=" " tag="130"><subfield code="a">Southern statesman (Calhoun, Ga.)</subfield></datafield><datafield ind1="1" ind2="4" tag="245"><subfield code="a">The southern statesman.</subfield></datafield><datafield ind1="1" ind2="3" tag="246"><subfield code="a">So. statesman</subfield></datafield><datafield ind1=" " ind2=" " tag="260"><subfield code="a">Calhoun, Ga. :</subfield><subfield code="b">J.W. Dodd</subfield></datafield><datafield ind1=" " ind2=" " tag="300"><subfield code="a">v.</subfield></datafield><datafield ind1=" " ind2=" " tag="310"><subfield code="a">Weekly</subfield></datafield><datafield ind1="1" ind2=" " tag="362"><subfield code="a">Began with Jan. 18, 1855 issue.</subfield><subfield code="z">Cf. Gregory, W. Amer. newspapers.</subfield></datafield><datafield ind1=" " ind2=" " tag="500"><subfield code="a">Printer: T.H. Morgan, &lt;1855&gt;.</subfield></datafield><datafield ind1=" " ind2=" " tag="588"><subfield code="a">Description based on: Vol. 1, no. 12 (Apr. 5, 1855).</subfield></datafield><datafield ind1=" " ind2=" " tag="752"><subfield code="a">United States</subfield><subfield code="b">Georgia</subfield><subfield code="c">Gordon</subfield><subfield code="d">Calhoun.</subfield></datafield></record>